% This file was created with JabRef 2.10.
% Encoding: UTF8

@Patent{ck1,
  Title                    = {System for controlling the transmission of energy between spaced members},
  Year                     = {1974},
  Yearfiled                = {3},
  Author                   = {Crosby, M and Karnopp, D},
  Month                    = apr # {~30},
  Note                     = {US Patent 3,807,678},

  Publisher                = {Google Patents}
}

@Article{ck2,
  Title                    = {The active damper: a new concept for shock and vibration control},
  Author                   = {Crosby, MJ and Karnopp, Dean C},
  Journal                  = {Shock and Vibration Bulletin},
  Year                     = {1973},
  Number                   = {4},
  Pages                    = {119--133},
  Volume                   = {43}
}

@Article{ck3,
  Title                    = {Kim M C, Hsu C S. Computation of the largest Lyapunov exponent by the generalized cell mapping[J]. Journal of statistical physics, 1986, 45(1-2): 49-61.},

  Owner                    = {Qsion},
  Timestamp                = {2015.05.15}
}

@comment{jabref-meta: pdfDirectory:Z:\\Grad\\ref\\Bib-ed;}

